@ARTICLE{Sparrow80,
  AUTHOR =       {E M Sparrow},
  TITLE =        {Forced Convection Heat Transfer in a Duct Having Spanwise-Periodic Rectangular Protuberances},
  JOURNAL =      {Numerical Heat Transfer},
  YEAR =         {1980},
  volume =       {3},
  pages =        {149-167},
}

@INPROCEEDINGS{Bordalo89,
  AUTHOR =       {S N Bordalo and J H Ferziger and S J Kline},
  TITLE =        {The Development of Zonal Models for Turbulence},
  BOOKTITLE =    {Proceedings of the 10th Brazilian Congress of Mechanical Engineering},
  YEAR =         {1989},
  volume =       {1},
  address =      {Rio de Janeiro, Brazil},
  organization = {ABCM},
  pages =        {41-44},

}
@ARTICLE{Soviero97,
  AUTHOR =       {P A O Soviero and L G M Lavagna},
  TITLE =        {A Numerical Model for Thin Airfoils in Unsteady Motion},
  JOURNAL =      {RBCM - J. of the Brazilian Soc. Mechanical Sciences},
  YEAR =         {1997},
  number =       {3},
  pages =        {332-340},
}

@TECHREPORT{Clark86,
  AUTHOR =       {J A Clark},
  TITLE =        {Technical Report}, 
  INSTITUTION =  {University of Michigan},
  YEAR =         {1986},
  type =         {Private Communication},
  address =      {Ann Harbor},
}

@BOOK{Coimbra78,
  AUTHOR =       {A L Coimbra},
  TITLE =        {Lessons of Continuum Mechanics},
  PUBLISHER =    {Ed. Edgard Bl\"{u}cher},
  YEAR =         {1978},
  address =      {S\~{a}o Paulo, Brazil},
  note =         {428 p}
}

@inproceedings{evertsz2015using,
  title={Using Agent-Based Tactics Models to Control Virtual Actors in VBS3},
  author={Evertsz, Rick and Thangarajah, John and Ambukovski, Nik},
  booktitle={Proceedings of the 2015 International Conference on Autonomous Agents and Multiagent Systems},
  pages={1929--1930},
  year={2015},
  organization={International Foundation for Autonomous Agents and Multiagent Systems}
}
@article{ferber1991tutorial,
  title={Tutorial Notes of the 11th Conference on Expert Systems and their Applications},
  author={Ferber, J and Gasser, L},
  journal={Intelligence Artificielle Distribu{\'e}e},
  year={1991}
}
@inproceedings{naji2002incorporating,
  title={On incorporating multi-agents in combined hardware/software based reconfigurable systems-a general architectural framework},
  author={Naji, Hamid Reza and Wells, B Earl},
  booktitle={System Theory, 2002. Proceedings of the Thirty-Fourth Southeastern Symposium on},
  pages={344--348},
  year={2002},
  organization={IEEE}
}
@phdthesis{alvares1997introduccao,
  title={Introdu{\c{c}}ao aos sistemas multiagentes},
  author={Alvares, Luis Otavio},
  year={1997},
  school={Universidade Federal do Rio Grande do Sul}
}
@phdthesis{sichman2003raciocinio,
  title={Racioc{\'\i}nio social e organizacional em sistemas multiagentes: avan{\c{c}}os e perspectivas.},
  author={Sichman, Jaime Simao},
  year={2003},
  school={Universidade de S{\~a}o Paulo}
}
@article{sartini2004introduccao,
  title={Uma introdu{\c{c}}{\~a}o {\`a} teoria dos jogos},
  author={Sartini, Br{\'\i}gida Alexandre and Garbugio, Gilmar and Bortolossi, Humberto Jos{\'e} and Santos, Polyane Alves and Barreto, Larissa Santana},
  journal={II Bienal da SBM--Universidade Federal da Bahia},
  year={2004}
}
@book{bordini2007programming,
  title={Programming multi-agent systems in AgentSpeak using Jason},
  author={Bordini, Rafael H and H{\"u}bner, Jomi Fred and Wooldridge, Michael},
  volume={8},
  year={2007},
  publisher={John Wiley \& Sons}
}
@book{bellifemine2007developing,
  title={Developing multi-agent systems with JADE},
  author={Bellifemine, Fabio Luigi and Caire, Giovanni and Greenwood, Dominic},
  volume={7},
  year={2007},
  publisher={John Wiley \& Sons}
}
@ONLINE {,
    author = "Intel",
    title  = "Intel® Core™ i5-4210U Processor",
    url    = "http://ark.intel.com/products/81016",
    note = {2010-09-30}
}
@MISC {inteli5,
    author = "Intel",
    title        = "Intel Core i5-4210U Processor",
    year={2013},
    howpublished = "http://ark.intel.com/products/81016",
    note         = "Acessado em 10/06/2016"
}
@MISC {inteli7,
    author = "Intel",
    title        = "Intel Core i7-870 Processor ",
    year={2013},
    howpublished = "http://ark.intel.com/products/41315",
    note         = "Acessado em 10/06/2016"
}
@article{jain2013haswell,
  title={The Haswell microarchitecture--4th generation processor},
  author={Jain, Tarush and Agrawal, Tanmay},
  journal={International Journal of Computer Science and Information Technologies},
  volume={4},
  number={3},
  pages={477--480},
  year={2013},
  publisher={Citeseer}
}
@MISC {nehalem,
    title        = "Inside Nehalem: Intel’s Future Processor and System",
    howpublished = "http://www.realworldtech.com/nehalem/",
    note         = "Acessado em 14/06/2016"
}
@MISC {haswell,
    title        = "Intel’s Haswell CPU Microarchitecture",
    howpublished = "http://www.realworldtech.com/haswell-cpu/",
    note         = "Acessado em 14/06/2016"
}
@article{hubner2004introduccao,
  title={Introdu{\c{c}}{\~a}o ao desenvolvimento de sistemas multiagentes com Jason},
  author={H{\"u}bner, Jomi Fred and Bordini, Rafael Heitor and Vieira, Renata},
  journal={XII Escola de Inform{\'a}tica da SBC},
  volume={2},
  pages={51--89},
  year={2004}
}
@inproceedings{hammarlund20134th,
  title={4th generation Intel core processor, codenamed haswell},
  author={Hammarlund, Per and Martinez, Alberto J and Bajwa, Atiq and Hill, David L and Hallnor, Erik and Jiang, Hong and Dixon, Martin and Derr, Michael and Hunsaker, Mikal and Kumar, Rajesh and others},
  booktitle={Hot Chips},
  volume={25},
  year={2013}
}

@incollection{lakatos2010fundamentos,
  title={Fundamentos da metodologia cient{\'\i}fica},
  author={Lakatos, Eva Maria and Marconi, Marina de Andrade},
  booktitle={Fundamentos da metodologia cient{\'\i}fica},
  year={2010},
  publisher={Altas}
}

@MISC {haswellb,
    author = "Electronic Design",
    title        = "Graphics And Reduced Power Highlight Intel's 4th Generation Architecture",
    year={2013},
    howpublished = "http://electronicdesign.com/microprocessors/graphics-and-reduced-power-highlight-intels-4th-generation-architecture",
    note         = "Acessado em 28/08/2016"
}
@MISC {nehalemb,
    author = "Ars Technica",
    title        = "Nehalem by the numbers: The Ars review",
    year={2008},
    howpublished = "http://arstechnica.com/gadgets/2008/11/nehalem-launch-review/",
    note         = "Acessado em 28/08/2016"
}

@book{weiss1999multiagent,
  title={Multiagent systems: a modern approach to distributed artificial intelligence},
  author={Weiss, Gerhard},
  year={1999},
  publisher={MIT press}
}